%% http://gking.harvard.edu/files/natnotes2.pdf
%% http://tex.stackexchange.com/questions/101696/formatting-multiple-references-containing-the-same-author
%% http://tex.stackexchange.com/questions/120722/how-to-modify-a-bibliography-style-to-surround-titles-in-quotes-in-a-bibliograph
\Sort{
  Mode{on}
  Collation{mixed}
  SortTypeOrder{key,name}
  NameOrder{descending}
  Key{{author,editor}}
  KeyOrder{ascending,nulls first}
  StringSort{ascending}
}




@article{owidhumanheight,
    author = {Max Roser, Cameron Appel and Hannah Ritchie},
    title = {Human Height},
    journal = {Our World in Data},
    year = {2013},
    note = {https://ourworldindata.org/human-height}
}



